@misc{wiki:Deep_learning,
   author = "Wikipedia",
   title = "{Deep learning} --- {W}ikipedia{,} The Free Encyclopedia",
   year = "2018",
   howpublished = {\url{http://en.wikipedia.org/w/index.php?title=Deep\%20learning&oldid=863565946}},
   note = "[Online; accessed 16-October-2018]"
 }
@inproceedings{coates2013deep,
  title={Deep learning with COTS HPC systems},
  author={Coates, Adam and Huval, Brody and Wang, Tao and Wu, David and Catanzaro, Bryan and Andrew, Ng},
  booktitle={International Conference on Machine Learning},
  pages={1337--1345},
  year={2013}
}

@inproceedings{KUO1,
  title={A Comparison of Distributed Machine Learning Platforms},
  author={Zhang, Kuo and Alqahtani, Salem and Demirbas, Murat},
  booktitle={Computer Communication and Networks (ICCCN), 2017 26th International Conference on},
  pages={1--9},
  year={2017},
  organization={IEEE}
}

@article{lian2017asynchronous,
  title={Asynchronous Decentralized Parallel Stochastic Gradient Descent},
  author={Lian, Xiangru and Zhang, Wei and Zhang, Ce and Liu, Ji},
  journal={arXiv preprint arXiv:1710.06952},
  year={2017}
}

@inproceedings{cui2014exploiting,
  title={Exploiting Bounded Staleness to Speed Up Big Data Analytics.},
  author={Cui, Henggang and Cipar, James and Ho, Qirong and Kim, Jin Kyu and Lee, Seunghak and Kumar, Abhimanu and Wei, Jinliang and Dai, Wei and Ganger, Gregory R and Gibbons, Phillip B and others},
  booktitle={USENIX Annual Technical Conference},
  pages={37--48},
  year={2014}
}

@article{cui2014big,
  title={Big data: the driver for innovation in databases},
  author={Cui, Bin and Mei, Hong and Ooi, Beng Chin},
  journal={National Science Review},
  volume={1},
  number={1},
  pages={27--30},
  year={2014},
  publisher={Oxford University Press}
}

@article{cheung2002effect,
  title={Effect of data skewness and workload balance in parallel data mining},
  author={Cheung, David W and Lee, Sau Dan and Xiao, Yongqiao},
  journal={IEEE Transactions on Knowledge and Data Engineering},
  volume={14},
  number={3},
  pages={498--514},
  year={2002},
  publisher={IEEE}
}

@inproceedings{ahmed2012scalable,
  title={Scalable inference in latent variable models},
  author={Ahmed, Amr and Aly, Moahmed and Gonzalez, Joseph and Narayanamurthy, Shravan and Smola, Alexander J},
  booktitle={Proceedings of the fifth ACM international conference on Web search and data mining},
  pages={123--132},
  year={2012},
  organization={ACM}
}

@article{chen2016revisiting,
  title={Revisiting distributed synchronous SGD},
  author={Chen, Jianmin and Pan, Xinghao and Monga, Rajat and Bengio, Samy and Jozefowicz, Rafal},
  journal={arXiv preprint arXiv:1604.00981},
  year={2016}
}

@inproceedings{iandola2016firecaffe,
  title={Firecaffe: near-linear acceleration of deep neural network training on compute clusters},
  author={Iandola, Forrest N and Moskewicz, Matthew W and Ashraf, Khalid and Keutzer, Kurt},
  booktitle={Proceedings of the IEEE Conference on Computer Vision and Pattern Recognition},
  pages={2592--2600},
  year={2016}
}

@inproceedings{li2015malt,
  title={Malt: distributed data-parallelism for existing ml applications},
  author={Li, Hao and Kadav, Asim and Kruus, Erik and Ungureanu, Cristian},
  booktitle={Proceedings of the Tenth European Conference on Computer Systems},
  pages={3},
  year={2015},
  organization={ACM}
}

@article{sergeev2018horovod,
  title={Horovod: fast and easy distributed deep learning in TensorFlow},
  author={Sergeev, Alexander and Del Balso, Mike},
  journal={arXiv preprint arXiv:1802.05799},
  year={2018}
}

@electronic{memory,
 author   = "Bingjing Zhang",
 title     = "A Solution to the Memory Limit Challenge in Big Data Machine Learning",
 url       = "https://medium.com/@Petuum/a-solution-to-the-memory-limit-challenge-in-big-data-machine-learning-49783a72088b"
}

@inproceedings{li2014communication,
  title={Communication efficient distributed machine learning with the parameter server},
  author={Li, Mu and Andersen, David G and Smola, Alexander J and Yu, Kai},
  booktitle={Advances in Neural Information Processing Systems},
  pages={19--27},
  year={2014}
}

@BOOK{Loss,
  TITLE = {Pattern Recognition and Machine Learning},
  AUTHOR = {C. M. Bishop et al},
  YEAR = {2006},
  PUBLISHER = { Springer},
}

@article{xing2015petuum,
  title={Petuum: A new platform for distributed machine learning on big data},
  author={Xing, Eric P and Ho, Qirong and Dai, Wei and Kim, Jin Kyu and Wei, Jinliang and Lee, Seunghak and Zheng, Xun and Xie, Pengtao and Kumar, Abhimanu and Yu, Yaoliang},
  journal={IEEE Transactions on Big Data},
  volume={1},
  number={2},
  pages={49--67},
  year={2015},
  publisher={IEEE}
}

@inproceedings{abadi2016tensorflow,
  title={Tensorflow: A system for large-scale machine learning},
  author={Abadi, Mart{\'\i}n and Barham, Paul and Chen, Jianmin and Chen, Zhifeng and Davis, Andy and Dean, Jeffrey and Devin, Matthieu and Ghemawat, Sanjay and Irving, Geoffrey and Isard, Michael and others},
  booktitle={12th $\{$USENIX$\}$ Symposium on Operating Systems Design and Implementation ($\{$OSDI$\}$ 16)},
  pages={265--283},
  year={2016}
}

@article{chen2015mxnet,
  title={Mxnet: A flexible and efficient machine learning library for heterogeneous distributed systems},
  author={Chen, Tianqi and Li, Mu and Li, Yutian and Lin, Min and Wang, Naiyan and Wang, Minjie and Xiao, Tianjun and Xu, Bing and Zhang, Chiyuan and Zhang, Zheng},
  journal={arXiv preprint arXiv:1512.01274},
  year={2015}
}

@article{Spark,
  title={Understanding and optimizing the performance of distributed machine learning applications on apache spark},
  author={D{\"u}nner, Celestine and Parnell, Thomas and Atasu, Kubilay and Sifalakis, Manolis and Pozidis, Haralampos},
  journal={arXiv preprint arXiv:1612.01437},
  year={2016}
}

@article{hashemi2016performance,
  title={Performance modeling of distributed deep neural networks},
  author={Hashemi, Sayed Hadi and Noghabi, Shadi A and Gropp, William and Campbell, Roy H},
  journal={arXiv preprint arXiv:1612.00521},
  year={2016}
}

@inproceedings{mai2015optimizing,
  title={Optimizing Network Performance in Distributed Machine Learning.},
  author={Mai, Luo and Hong, Chuntao and Costa, Paolo},
  booktitle={HotCloud},
  year={2015}
}


@article{BSP,
  title={A bridging model for parallel computation},
  author={Valiant, Leslie G},
  journal={Communications of the ACM},
  volume={33},
  number={8},
  pages={103--111},
  year={1990},
  publisher={ACM}
}

@article{xing2016strategies,
  title={Strategies and principles of distributed machine learning on big data},
  author={Xing, Eric P and Ho, Qirong and Xie, Pengtao and Wei, Dai},
  journal={Engineering},
  volume={2},
  number={2},
  pages={179--195},
  year={2016},
  publisher={Elsevier}
}

@manual{challengings,
  title = " Intro to Distributed Deep Learning Systems ",
  author = "Hao Zhang",
  url = {https://medium.com/@Petuum/intro-to-distributed-deep-learning-systems-a2e45c6b8e7}
}

@inproceedings{ho2013more,
  title={More effective distributed ml via a stale synchronous parallel parameter server},
  author={Ho, Qirong and Cipar, James and Cui, Henggang and Lee, Seunghak and Kim, Jin Kyu and Gibbons, Phillip B and Gibson, Garth A and Ganger, Greg and Xing, Eric P},
  booktitle={Advances in neural information processing systems},
  pages={1223--1231},
  year={2013}
}

@inproceedings{li2013parameter,
  title={Parameter server for distributed machine learning},
  author={Li, Mu and Zhou, Li and Yang, Zichao and Li, Aaron and Xia, Fei and Andersen, David G and Smola, Alexander},
  booktitle={Big Learning NIPS Workshop},
  volume={6},
  pages={2},
  year={2013}
}

@article{zhang2017parameter,
  title={A parameter communication optimization strategy for distributed machine learning in sensors},
  author={Zhang, Jilin and Tu, Hangdi and Ren, Yongjian and Wan, Jian and Zhou, Li and Li, Mingwei and Wang, Jue and Yu, Lifeng and Zhao, Chang and Zhang, Lei},
  journal={Sensors},
  volume={17},
  number={10},
  pages={2172},
  year={2017},
  publisher={Multidisciplinary Digital Publishing Institute}
}

@inproceedings{li2014scaling,
  title={Scaling Distributed Machine Learning with the Parameter Server.},
  author={Li, Mu and Andersen, David G and Park, Jun Woo and Smola, Alexander J and Ahmed, Amr and Josifovski, Vanja and Long, James and Shekita, Eugene J and Su, Bor-Yiing},
  booktitle={OSDI},
  volume={14},
  pages={583--598},
  year={2014}
}

@inproceedings{wei2015managed,
  title={Managed communication and consistency for fast data-parallel iterative analytics},
  author={Wei, Jinliang and Dai, Wei and Qiao, Aurick and Ho, Qirong and Cui, Henggang and Ganger, Gregory R and Gibbons, Phillip B and Gibson, Garth A and Xing, Eric P},
  booktitle={Proceedings of the Sixth ACM Symposium on Cloud Computing},
  pages={381--394},
  year={2015},
  organization={ACM}
}

@incollection{SGD,
  title={Large-scale machine learning with stochastic gradient descent},
  author={Bottou, L{\'e}on},
  booktitle={Proceedings of COMPSTAT'2010},
  pages={177--186},
  year={2010},
  publisher={Springer}
}

@article{MNIST,
  added-at = {2010-06-28T21:16:30.000+0200},
  author = {LeCun, Yann and Cortes, Corinna},
  biburl = {https://www.bibsonomy.org/bibtex/2935bad99fa1f65e03c25b315aa3c1032/mhwombat},
  groups = {public},
  howpublished = {http://yann.lecun.com/exdb/mnist/},
  interhash = {21b9d0558bd66279df9452562df6e6f3},
  intrahash = {935bad99fa1f65e03c25b315aa3c1032},
  keywords = {MSc _checked character_recognition mnist network neural},
  lastchecked = {2016-01-14 14:24:11},
  timestamp = {2016-07-12T19:25:30.000+0200},
  title = {{MNIST} handwritten digit database},
  url = {http://yann.lecun.com/exdb/mnist/},
  username = {mhwombat},
  year = 2010
}

@inproceedings{peng2018optimus,
  title={Optimus: an efficient dynamic resource scheduler for deep learning clusters},
  author={Peng, Yanghua and Bao, Yixin and Chen, Yangrui and Wu, Chuan and Guo, Chuanxiong},
  booktitle={Proceedings of the Thirteenth EuroSys Conference},
  pages={3},
  year={2018},
  organization={ACM}
}

@inproceedings{dean2012large,
  title={Large scale distributed deep networks},
  author={Dean, Jeffrey and Corrado, Greg and Monga, Rajat and Chen, Kai and Devin, Matthieu and Mao, Mark and Senior, Andrew and Tucker, Paul and Yang, Ke and Le, Quoc V and others},
  booktitle={Advances in neural information processing systems},
  pages={1223--1231},
  year={2012}
}

@article{smola2010architecture,
  title={An architecture for parallel topic models},
  author={Smola, Alexander and Narayanamurthy, Shravan},
  journal={Proceedings of the VLDB Endowment},
  volume={3},
  number={1-2},
  pages={703--710},
  year={2010},
  publisher={VLDB Endowment}
}

@article{dai2013petuum,
  title={Petuum: A framework for iterative-convergent distributed ML},
  author={Dai, Wei and Wei, Jinliang and Kim, Jin Kyu and Lee, Seunghak and Yin, Junming and Ho, Qirong and Xing, Eric P},
  year={2013}
}

@article{patarasuk2009bandwidth,
  title={Bandwidth optimal all-reduce algorithms for clusters of workstations},
  author={Patarasuk, Pitch and Yuan, Xin},
  journal={Journal of Parallel and Distributed Computing},
  volume={69},
  number={2},
  pages={117--124},
  year={2009},
  publisher={Elsevier}
}

@electronic{website2013,
 author   = "Dropbox Inc, Google Inc, WeWork Companies Inc",
 title     = "GRPC",
 url       = "https://grpc.io/"
}

@incollection{rumelhart:errorpropnonote,
  added-at = {2008-02-26T11:58:58.000+0100},
  address = {Cambridge, MA},
  author = {Rumelhart, David E. and Hinton, Geoffrey E. and Williams, Ronald J.},
  biburl = {https://www.bibsonomy.org/bibtex/27c3d39c519530239660d33e66493ade1/schaul},
  booktitle = {Parallel Distributed Processing: Explorations in the Microstructure of Cognition, {V}olume 1: {F}oundations},
  citeulike-article-id = {2378884},
  description = {idsia},
  editor = {Rumelhart, David E. and Mcclelland, James L.},
  interhash = {dd8485b30b80c7f35263bcb21ed81c1f},
  intrahash = {7c3d39c519530239660d33e66493ade1},
  keywords = {nn},
  pages = {318--362},
  priority = {2},
  publisher = {MIT Press},
  timestamp = {2008-02-26T12:02:43.000+0100},
  title = {Learning Internal Representations by Error Propagation},
  year = 1986
}

@INPROCEEDINGS{Gabriel04openmpi:,
    author = {Edgar Gabriel and Graham E. Fagg and George Bosilca and Thara Angskun and Jack J. Dongarra and Jeffrey M. Squyres and Vishal Sahay and Prabhanjan Kambadur and Brian Barrett and Andrew Lumsdaine and Ralph H. Castain and David J. Daniel and Richard L. Graham and Timothy S. Woodall},
    title = {Open MPI: Goals, concept, and design of a next generation MPI implementation},
    booktitle = {In Proceedings, 11th European PVM/MPI Users’ Group Meeting},
    year = {2004},
    pages = {97--104}
}

@online{uberjourney,
title = {An Uber Journey in Distributed Deep Learning},
date = {2015},
organization = {Youtube},
author = {Alex Sergeev},
url = {https://www.youtube.com/watch?v=SphfeTl70MI},
}


@misc{ wiki:ANN,
   author = "{Wikipedia contributors}",
   title = "Artificial neural network --- {W}ikipedia{,} The Free Encyclopedia",
   year = "2018",
   url = "https://en.wikipedia.org/wiki/Artificial_neural_network",
   note = "[Online; accessed 01-Dec-2018]"
 } 
 
 
 @misc{baidu-research_2017, title={baidu-research/tensorflow-allreduce}, url={https://github.com/baidu-research/tensorflow-allreduce}, journal={GitHub}, author={baidu-research}, year={2017}, month={Aug}}
 
 
 @article{ben2018demystifying,
  title={Demystifying parallel and distributed deep learning: An in-depth concurrency analysis},
  author={Ben-Nun, Tal and Hoefler, Torsten},
  journal={arXiv preprint arXiv:1802.09941},
  year={2018}
}